@ARTICLE{quasar,
       author = {{Rauch}, Kevin P. and {Blandford}, Roger D.},
        title = "{Optical Caustics in a Kerr Spacetime and the Origin of Rapid X-Ray Variability in Active Galactic Nuclei}",
      journal = {apj},
     keywords = {Accretion Disks, Active Galactic Nuclei, Black Holes (Astronomy), Caustics (Optics), X Rays, Astrophysics, Light Curve, Ray Tracing, Variations, Astrophysics, BLACK HOLE PHYSICS, GALAXIES: ACTIVE, GALAXIES: INDIVIDUAL NGC NUMBER: NGC 6814, GALAXIES: SEYFERT, RELATIVITY, X-RAYS: GALAXIES},
         year = 1994,
        month = jan,
       volume = {421},
        pages = {46},
          doi = {10.1086/173625},
       adsurl = {https://ui.adsabs.harvard.edu/abs/1994ApJ...421...46R},
      adsnote = {Provided by the SAO/NASA Astrophysics Data System}
}

@article{thorn,
   title={Gravitational lensing by spinning black holes in astrophysics, and in the movie
                    Interstellar},
   volume={32},
   ISSN={1361-6382},
   url={http://dx.doi.org/10.1088/0264-9381/32/6/065001},
   DOI={10.1088/0264-9381/32/6/065001},
   number={6},
   journal={Classical and Quantum Gravity},
   publisher={IOP Publishing},
   author={James, Oliver and Tunzelmann, Eugénie von and Franklin, Paul and Thorne, Kip S},
   year={2015},
   month={Feb},
   pages={065001}
}

@article{test1,
   title={Recent VLBA/VERA/IVS tests of general relativity},
   volume={5},
   ISSN={1743-9221},
   url={http://dx.doi.org/10.1017/S1743921309990536},
   DOI={10.1017/s1743921309990536},
   number={S261},
   journal={Proceedings of the International Astronomical Union},
   publisher={Cambridge University Press (CUP)},
   author={Fomalont, Ed and Kopeikin, Sergei and Jones, Dayton and Honma, Mareki and Titov, Oleg},
   year={2009},
   month={Apr},
   pages={291–295}
}

@Book{recipies,
  Title                    = {Numerical Recipes in C},
  Author                   = {William H. Press and Saul A. Teukolsky and William T. Vetterling and Brian P. Flannery},
  Publisher                = {Cambridge University Press},
  Year                     = {1992},

  Address                  = {Cambridge, USA},
  Edition                  = {Second}
}

